@misc{tdmethod,
title={Top Down Methodology for Software Performance Analysis},
url={https://software.intel.com/en-us/blogs/2011/05/04/top-down-methodology-for-software-performance-analysis},
journal={software.intel.com},
author={Hewett, Charlie},
year={2011}
},

@book{tourismstats,
place={Kathmandu},
title={Nepal Tourism Statistics 2018},
institution={Ministry of Culture, Tourism and Civil Aviation},
publisher={Ministry of Culture\, Tourism and Civil Aviation},
year={2019},
pages={81}
}